@misc{linden,
  author    = "Philip Linden",
  title     = "My First Reference",
  url       = "http://google.com/"}
@book{sutton,
author      = "George P. Sutton and Oscar Biblarz",
title       = "Rocket Propulsion Elements",
edition     = "8th",
publisher   = "John Wiley \& Sons",
address     = "Hoboken, NJ",
year        = "2010"}
